A2102968              PM DE NOVO ORIENTE  104CAIXA ECON. FEDERAL 2018092800329303                                                                     
G0747006000002225    2018092720181001816800000009450296820180927580005016100000000000000094500000161000000010747    405011314               1         
G0747006000002225    2018092720181001816700000006007296820180927580001656300000000000000060070000161000000020747    405011314               1         
G0747006000002225    2018092720181001816500000013684296820180927580005015600000000000000136840000161000000030747    405011314               1         
G0747006000002225    2018092720181001816400000009450296820180927580005015700000000000000094500000161000000040747    405011314               1         
G0747006000002225    2018092720181001816400000000525296820181002080005016200000000000000005250000161000000050747    405011314               1         
G0747006000002225    2018092720181001816200000000528296820180927080005014000000000000000005280000161000000060747    405011314               1         
G0747006000002225    2018092720181001816100000000528296820180927080005014100000000000000005280000161000000070747    405011314               1         
Z00000900000000000040172                                                                                                                              
